@book{phillips2021mathematical,
  title={Mathematical Foundations for Data Analysis},
  author={Phillips, J.M.},
  isbn={9783030623401},
  series={Springer Series in the Data Sciences},
  url={https://books.google.com/books?id=AUDYzQEACAAJ},
  year={2021},
  publisher={Springer International Publishing}
}
@book{leskovec2014mining,
  added-at = {2016-10-11T19:05:15.000+0200},
  author = {Leskovec, Jure and Rajaraman, Anand and Ullman, Jeffrey D.},
  biburl = {https://www.bibsonomy.org/bibtex/2cbefb4251478e2895c8abf63809f9108/schmitz},
  description = {Mining of Massive Datasets: 9781107077232: Computer Science Books @ Amazon.com},
  edition = {Second},
  interhash = {2c22575d85b455103c98079f42558947},
  intrahash = {cbefb4251478e2895c8abf63809f9108},
  isbn = {9781316147313 1316147312 9781139924801 113992480X 9781316147047 1316147045 1107077230 9781107077232},
  keywords = {approximation bigdata bigdataseminar},
  publisher = {Cambridge University Press},
  refid = {888463433},
  timestamp = {2016-12-19T20:44:06.000+0100},
  title = {Mining of Massive Datasets},
  url = {http://mmds.org},
  year = 2014
}
@book{blum2020foundations,
  added-at = {2020-01-13T08:07:12.000+0100},
  address = {Cambridge},
  author = {Blum, Avrim and Hopcroft, John and Kannan, Ravi},
  biburl = {https://www.bibsonomy.org/bibtex/2af565bb2b5ebaef1490a30d3c8627cb9/analyst},
  description = {Foundations of Data Science by Avrim Blum},
  doi = {DOI:},
  interhash = {51677838a3001ae81170cc7930b19a5c},
  intrahash = {af565bb2b5ebaef1490a30d3c8627cb9},
  isbn = {9781108485067},
  keywords = {book machine-learning microsoft},
  publisher = {Cambridge University Press},
  timestamp = {2020-01-13T08:07:12.000+0100},
  title = {Foundations of Data Science},
  url = {https://www.cambridge.org/core/books/foundations-of-data-science/6A43CE830DE83BED6CC5171E62B0AA9E},
  year = 2020
}
@unpublished{ng_k-means,
  title={The $k$-means clustering algorithm},
  year={2012},
  author={Andrew Ng},
  institution={Stanford University},
  url={https://cs229.stanford.edu/notes2020spring/cs229-notes7a.pdf},
}
